@book{oksendal2007applied,
  title={Applied stochastic control of jump diffusions},
  author={{\O}ksendal, Bernt Karsten and Sulem, Agnes},
  volume={498},
  year={2007},
  publisher={Springer}
}

@article{moller1995stochastic,
	title={Stochastic differential equations for ruin probabilities},
	author={M{\o}ller, Christian Max},
	journal={Journal of applied probability},
	pages={74--89},
	year={1995},
	publisher={JSTOR}
}

@article{okhrati2015ito,
	title={Ito's formula for finite variation Levy processes: The case of non-smooth functions},
	author={Okhrati, Ramin and Schmock, Uwe},
	journal={Journal of Mathematical Analysis and Applications},
	volume={430},
	number={2},
	pages={1163--1174},
	year={2015},
	publisher={Elsevier}
}

@book{krylov2008controlled,
	title={Controlled diffusion processes},
	author={Krylov, Nikolaj Vladimirovi{\v{c}}},
	volume={14},
	year={2008},
	publisher={Springer Science \& Business Media}
}

@article{beerbaum2015significant,
	title={Significant increase in credit risk according to IFRS 9: Implications for financial institutions},
	author={Beerbaum, Dirk},
	journal={International Journal of Economics \& Management Sciences},
	volume={4},
	number={9},
	pages={1--3},
	year={2015}
}

@book{asmussen2010ruin,
	title={Ruin probabilities},
	author={Asmussen, Soren and Albrecher, Hansjorg},
	volume={14},
	year={2010},
	publisher={World scientific}
}

@book{applebaum2009levy,
	title={L{\'e}vy processes and stochastic calculus},
	author={Applebaum, David},
	year={2009},
	publisher={Cambridge university press}
}

@book{mishura2016ruin,
	title={Ruin Probabilities: Smoothness, Bounds, Supermartingale Approach},
	author={Mishura, Yuliya and Ragulina, Olena},
	year={2016},
	publisher={Elsevier}
}

@book{kyprianou2006introductory,
	title={Introductory lectures on fluctuations of L{\'e}vy processes with applications},
	author={Kyprianou, Andreas E},
	year={2006},
	publisher={Springer Science \& Business Media}
}

@book{asmussen2010ruin,
	title={Ruin probabilities},
	author={Asmussen, Soren and Albrecher, Hansjorg},
	volume={14},
	year={2010},
	publisher={World scientific}
}

@article{xu2016estimating,
	title={Estimating lifetime expected credit losses under IFRS 9},
	author={Xu, Xin},
	journal={Available at SSRN 2758513},
	year={2016}
}

@article{lipton2018first,
	title={On the first hitting time density of an Ornstein-Uhlenbeck process},
	author={Lipton, Alexander and Kaushansky, Vadim},
	journal={arXiv preprint arXiv:1810.02390},
	year={2018}
}

@article{abdollahi2019stability,
	title={Stability analysis for some numerical schemes of partial differential equation with extra measurements},
	author={Abdollahi, Nazi and Rostamy, Davood},
	journal={Hacettepe Journal of Mathematics and Statistics},
	volume={48},
	number={5},
	pages={1324--1335},
	year={2019}
}

@article{d2005robust,
	title={Robust numerical methods for contingent claims under jump diffusion processes},
	author={d'Halluin, Yann and Forsyth, Peter A and Vetzal, Kenneth R},
	journal={IMA Journal of Numerical Analysis},
	volume={25},
	number={1},
	pages={87--112},
	year={2005},
	publisher={OUP}
}

@book{schoutens2010levy,
	title={L{\'e}vy processes in credit risk},
	author={Schoutens, Wim and Cariboni, Jessica},
	volume={519},
	year={2010},
	publisher={John Wiley \& Sons}
}

@article{zhou1997jump,
	title={A jump-diffusion approach to modeling credit risk and valuing defaultable securities},
	author={Zhou, Chunsheng},
	journal={Available at SSRN 39800},
	year={1997}
}

@article{barndorff2001non,
	title={Non-Gaussian Ornstein--Uhlenbeck-based models and some of their uses in financial economics},
	author={Barndorff-Nielsen, Ole E and Shephard, Neil},
	journal={Journal of the Royal Statistical Society: Series B (Statistical Methodology)},
	volume={63},
	number={2},
	pages={167--241},
	year={2001},
	publisher={Wiley Online Library}
}

@article{abdollahi2019stability,
	title={Stability analysis for some numerical schemes of partial differential equation with extra measurements},
	author={Abdollahi, Nazi and Rostamy, Davood},
	journal={Hacettepe Journal of Mathematics and Statistics},
	volume={48},
	number={5},
	pages={1324--1335},
	year={2019}
}

@article{sak2012fast,
	title={Fast simulations in credit risk},
	author={Sak, Halis and H{\"o}rmann, Wolfgang},
	journal={Quantitative Finance},
	volume={12},
	number={10},
	pages={1557--1569},
	year={2012},
	publisher={Taylor \& Francis}
}

@article{virolainen2004macro,
	title={Macro stress testing with a macroeconomic credit risk model for Finland},
	author={Virolainen, Kimmo},
	journal={Bank of Finland Research Discussion Paper},
	number={18},
	year={2004}
}

@article{ballotta2015counterparty,
	title={Counterparty credit risk in a multivariate structural model with jumps},
	author={Ballotta, Laura and Fusai, Gianluca},
	journal={Finance},
	volume={36},
	number={1},
	pages={39--74},
	year={2015},
	publisher={Presses universitaires de Grenoble}
}

@article{jwo2020investigation,
	title={Investigation of Phase-Locked Loop Statistics via Numerical Implementation of the Fokker--Planck Equation},
	author={Jwo, Dah-Jing},
	journal={Applied Sciences},
	volume={10},
	number={7},
	pages={2625},
	year={2020},
	publisher={Multidisciplinary Digital Publishing Institute}
}

@article{carr2007numerical,
	title={On the numerical evaluation of option prices in jump diffusion processes},
	author={Carr, Peter and Mayo, Anita},
	journal={European Journal of Finance},
	volume={13},
	number={4},
	pages={353--372},
	year={2007},
	publisher={Taylor \& Francis}
}

@article{georgiou2021markov,
	title={Markov chain lumpability and applications to credit risk modelling in compliance with the International Financial Reporting Standard 9 framework},
	author={Georgiou, K and Domazakis, GN and Pappas, D and Yannacopoulos, AN},
	journal={European Journal of Operational Research},
	volume={292},
	number={3},
	pages={1146--1164},
	year={2021},
	publisher={Elsevier}
}

@article{hainaut2014intensity,
	title={An intensity model for credit risk with switching L{\'e}vy processes},
	author={Hainaut, Donatien and Le Courtois, Olivier},
	journal={Quantitative Finance},
	volume={14},
	number={8},
	pages={1453--1465},
	year={2014},
	publisher={Taylor \& Francis}
}

@article{goutte2011conditional,
	title={Conditional Laplace formula in regime switching model: Application to defaultable bond},
	author={Goutte, St{\'e}phane and Ngoupeyou, Armand},
	journal={Preprint},
	year={2011}
}

@incollection{toivanen2010componentwise,
	title={A componentwise splitting method for pricing American options under the Bates model},
	author={Toivanen, Jari},
	booktitle={Applied and numerical partial differential equations},
	pages={213--227},
	year={2010},
	publisher={Springer}
}

@article{barndorff2003integrated,
	title={Integrated OU Processes and Non-Gaussian OU-based Stochastic Volatility Models},
	author={Barndorff-Nielsen, Ole E and Shephard, Neil},
	journal={Scandinavian Journal of statistics},
	volume={30},
	number={2},
	pages={277--295},
	year={2003},
	publisher={Wiley Online Library}
}

@article{goutte2013pricing,
	title={Pricing and hedging in stochastic volatility regime switching models},
	author={Goutte, St{\'e}phane},
	year={2013},
	publisher={Scientific Research Publishing}
}

@article{bates1996jumps,
	title={Jumps and stochastic volatility: Exchange rate processes implicit in deutsche mark options},
	author={Bates, David S},
	journal={The Review of Financial Studies},
	volume={9},
	number={1},
	pages={69--107},
	year={1996},
	publisher={Oxford University Press}
}

@article{benhamou2010time,
	title={Time dependent Heston model},
	author={Benhamou, Eric and Gobet, Emmanuel and Miri, Mohammed},
	journal={SIAM Journal on Financial Mathematics},
	volume={1},
	number={1},
	pages={289--325},
	year={2010},
	publisher={SIAM}
}

@article{cariboni2007pricing,
	title={Pricing credit default swaps under L{\'e}vy models},
	author={Cariboni, Jessica and Schoutens, Wim},
	journal={Journal of Computational Finance},
	volume={10},
	number={4},
	pages={71},
	year={2007},
	publisher={RISK PUBLICATIONS}
}

@article{houweling2005pricing,
	title={Pricing default swaps: Empirical evidence},
	author={Houweling, Patrick and Vorst, Ton},
	journal={Journal of international Money and Finance},
	volume={24},
	number={8},
	pages={1200--1225},
	year={2005},
	publisher={Elsevier}
}

@article{pasricha2020portfolio,
	title={Portfolio optimization of credit risky bonds: a semi-Markov process approach},
	author={Pasricha, Puneet and Selvamuthu, Dharmaraja and Dâ€™Amico, Guglielmo and Manca, Raimondo},
	journal={Financial Innovation},
	volume={6},
	pages={1--14},
	year={2020},
	publisher={Springer}
}

@article{asanga2014portfolio,
	title={Portfolio optimization under solvency constraints: a dynamical approach},
	author={Asanga, Sujith and Asimit, Alexandru and Badescu, Alexandru and Haberman, Steven},
	journal={North American Actuarial Journal},
	volume={18},
	number={3},
	pages={394--416},
	year={2014},
	publisher={Taylor \& Francis}
}

@article{braun2015solvency,
	title={Solvency II's Market Risk Standard Formula: How Credible is the Proclaimed Ruin Probability?},
	author={Braun, Alexander and Schmeiser, Hato and Schreiber, Florian},
	journal={Journal of insurance issues},
	pages={1--30},
	year={2015},
	publisher={JSTOR}
}

@article{chatterjee2015centre,
	title={Centre for Central Banking Studies},
	author={Chatterjee, Somnath},
	journal={Modelling credit risk. Bank of England},
	year={2015}
}

@article{bruche2005estimating,
	title={Estimating structural bond pricing models via simulated maximum likelihood},
	author={Bruche, Max},
	year={2005},
	publisher={Financial Markets Group, London School of Economics and Political Science}
}

@article{tobback2019retail,
	title={Retail credit scoring using fine-grained payment data},
	author={Tobback, Ellen and Martens, David},
	journal={Journal of the Royal Statistical Society: Series A (Statistics in Society)},
	volume={182},
	number={4},
	pages={1227--1246},
	year={2019},
	publisher={Wiley Online Library}
}

@article{bellotti2012loss,
	title={Loss given default models incorporating macroeconomic variables for credit cards},
	author={Bellotti, Tony and Crook, Jonathan},
	journal={International Journal of Forecasting},
	volume={28},
	number={1},
	pages={171--182},
	year={2012},
	publisher={Elsevier}
}

@article{hull2004merton,
	title={Mertonâ€™s model, credit risk, and volatility skews},
	author={Hull, John and Nelken, Izzy and White, Alan},
	journal={Journal of Credit Risk Volume},
	volume={1},
	number={1},
	pages={05},
	year={2004}
}

@article{aristidou2018meta,
	title={The meta-Phillips Curve: Modelling US inflation in the presence of regime change},
	author={Aristidou, Chrystalleni},
	journal={Journal of Macroeconomics},
	volume={57},
	pages={367--379},
	year={2018},
	publisher={Elsevier}
}

@article{duan2002option,
	title={Option pricing under regime switching},
	author={Duan, Jin-Chuan and Popova, Ivilina and Ritchken, Peter},
	journal={Quantitative Finance},
	volume={2},
	number={2},
	pages={116},
	year={2002},
	publisher={IOP Publishing}
}

@incollection{hamilton2010regime,
	title={Regime switching models},
	author={Hamilton, James D},
	booktitle={Macroeconometrics and time series analysis},
	pages={202--209},
	year={2010},
	publisher={Springer}
}

@book{kravvaritis2020variational,
	title={Variational Methods in Nonlinear Analysis},
	author={Kravvaritis, Dimitrios C and Yannacopoulos, Athanasios N},
	year={2020},
	publisher={De Gruyter}
}

@article{miu2006basel,
	title={Basel requirement of downturn LGD: Modeling and estimating PD \& LGD correlations},
	author={Miu, Peter and Ozdemir, Bogie},
	journal={Journal of Credit Risk},
	volume={2},
	number={2},
	pages={43--68},
	year={2006}
}

@article{witzany2011two,
	title={A two-factor model for PD and LGD correlation},
	author={Witzany, Jiri},
	journal={Available at SSRN 1476305},
	year={2011}
}


@inproceedings{onalan2009financial,
	title={Financial modelling with Ornstein-Uhlenbeck processes driven by L{\'e}vy process},
	author={Onalan, O},
	booktitle={Proceedings of the World Congress on Engineering},
	volume={2},
	pages={1--3},
	year={2009}
}

@article{vasicek1977equilibrium,
	title={An equilibrium characterization of the term structure},
	author={Vasicek, Oldrich},
	journal={Journal of financial economics},
	volume={5},
	number={2},
	pages={177--188},
	year={1977},
	publisher={Elsevier}
}


@article{luciano2006multivariate,
	title={A multivariate jump-driven financial asset model},
	author={Luciano, Elisa and Schoutens, Wim},
	journal={Quantitative finance},
	volume={6},
	number={5},
	pages={385--402},
	year={2006},
	publisher={Taylor \& Francis}
}

@article{ballotta2016multivariate,
	title={Multivariate asset models using L{\'e}vy processes and applications},
	author={Ballotta, Laura and Bonfiglioli, Efrem},
	journal={The European Journal of Finance},
	volume={22},
	number={13},
	pages={1320--1350},
	year={2016},
	publisher={Taylor \& Francis}
}

@inproceedings{brouste2014yuima,
	title={The yuima project: A computational framework for simulation and inference of stochastic differential equations},
	author={Brouste, Alexandre and Fukasawa, Masaaki and Hino, Hideitsu and Iacus, Stefano M and Kamatani, Kengo and Koike, Yuta and Nomura, Ryosuke and Shimizu, Y and Uchida, M and Yoshida, N},
	year={2014},
	organization={American statistical association}
}

@incollection{cox2005theory,
	title={A theory of the term structure of interest rates},
	author={Cox, John C and Ingersoll Jr, Jonathan E and Ross, Stephen A},
	booktitle={Theory of valuation},
	pages={129--164},
	year={2005},
	publisher={World Scientific}
}

@article{zhu2015feynman,
	title={Feynman--Kac formulas for regime-switching jump diffusions and their applications},
	author={Zhu, Chao and Yin, George and Baran, Nicholas A},
	journal={Stochastics An International Journal of Probability and Stochastic Processes},
	volume={87},
	number={6},
	pages={1000--1032},
	year={2015},
	publisher={Taylor \& Francis}
}